<?xml version="1.0" encoding="UTF-8"?><collection xmlns="http://www.loc.gov/MARC21/slim"><record><leader>00356nam--2200145-i-4500</leader><controlfield tag="001">000012266</controlfield><controlfield tag="002">20161230</controlfield><controlfield tag="005">20170219003135</controlfield><controlfield tag="008">060222s1000------------r-----000-0-eng-d</controlfield><datafield ind1=" " ind2=" " tag="245"><subfield code="a">Methods in biochimal analysis</subfield></datafield><datafield ind1=" " ind2=" " tag="260"><subfield code="a">New York</subfield><subfield code="b">John Wiley &amp; Sons</subfield><subfield code="c">1976</subfield></datafield><datafield ind1=" " ind2=" " tag="300"><subfield code="a">435 p</subfield></datafield><datafield ind1=" " ind2=" " tag="700"><subfield code="a">Click, David</subfield></datafield><datafield ind1=" " ind2=" " tag="852"><subfield code="a">577.1</subfield></datafield><datafield ind1=" " ind2=" " tag="CAT"><subfield code="a">SYS</subfield><subfield code="c">20170219</subfield><subfield code="h">003135</subfield></datafield></record></collection>